<?xml version="1.0" encoding="UTF-8"?><collection xmlns="http://www.loc.gov/MARC21/slim"><record><leader>00458nam--2200133-i-4500</leader><controlfield tag="001">000022789</controlfield><controlfield tag="002">20161230</controlfield><controlfield tag="005">20161230201034</controlfield><controlfield tag="008">060222s1000------------r-----000-0-eng-d</controlfield><datafield ind1=" " ind2=" " tag="080"><subfield code="a">54:54-162</subfield></datafield><datafield ind1=" " ind2=" " tag="100"><subfield code="a">Hocart, R. Et Kern, R</subfield></datafield><datafield ind1=" " ind2=" " tag="245"><subfield code="a">Problemes et calculs de chimie generale et de cristallochimie. recueil destine aux etudiants en chimie dans les facultes des sciences et les grandes ecoles</subfield></datafield><datafield ind1=" " ind2=" " tag="260"><subfield code="a">Paris, Gauthier-vilars, 1967, 247p</subfield></datafield><datafield ind1=" " ind2=" " tag="852"><subfield code="a">29715</subfield></datafield></record></collection>